@article{godel1931formally,
  title={Über formal unentscheidbare Sätze der Principia Mathematica und verwandter Systeme},
  author={Gödel, Kurt},
  journal={Monatshefte für Mathematik},
  volume={38},
  pages={173--198},
  year={1931},
  publisher={Springer}
}

@book{hofstadter1979godel,
  title={Gödel, Escher, Bach: An eternal golden braid},
  author={Hofstadter, Douglas R},
  year={1979},
  publisher={Basic Books}
}

@book{polkinghorne1998belief,
  title={Belief in God in an age of science},
  author={Polkinghorne, John},
  year={1998},
  publisher={Yale University Press}
}

@book{peacocke2001paths,
  title={Paths from science towards God: The end of all our exploring},
  author={Peacocke, Arthur},
  year={2001},
  publisher={Oneworld Publications}
}

@book{russell2008cosmology,
  title={Cosmology, evolution, and resurrection hope},
  author={Russell, Robert John},
  year={2008},
  publisher={Pandora Press}
}

@book{laplace1814essai,
  title={Essai philosophique sur les probabilités},
  author={Laplace, Pierre-Simon},
  year={1814},
  publisher={Courcier}
}

@book{einstein1954ideas,
  title={Ideas and opinions},
  author={Einstein, Albert},
  year={1954},
  publisher={Crown Publishers}
}

@book{aquinas1265summa,
  title={Summa Theologiae},
  author={Aquinas, Thomas},
  year={1265},
  publisher={Blackfriars}
}

@book{newton1687principia,
  title={Philosophiæ Naturalis Principia Mathematica},
  author={Newton, Isaac},
  year={1687},
  publisher={Royal Society}
}

@book{penrose1994shadows,
  title={Shadows of the mind},
  author={Penrose, Roger},
  year={1994},
  publisher={Oxford University Press}
}

@book{stapp2007mindful,
  title={Mindful universe: Quantum mechanics and the participating observer},
  author={Stapp, Henry P},
  year={2007},
  publisher={Springer}
}

@book{chalmers1996conscious,
  title={The conscious mind},
  author={Chalmers, David J},
  year={1996},
  publisher={Oxford University Press}
}

@book{dennett1991consciousness,
  title={Consciousness explained},
  author={Dennett, Daniel C},
  year={1991},
  publisher={Little, Brown and Company}
}

@book{hobson2002dreaming,
  title={Dreaming: An introduction to the science of sleep},
  author={Hobson, J Allan},
  year={2002},
  publisher={Oxford University Press}
}

@article{revonsuo2000reinterpretation,
  title={The reinterpretation of dreams: An evolutionary hypothesis of the function of dreaming},
  author={Revonsuo, Antti},
  journal={Behavioral and Brain Sciences},
  volume={23},
  number={6},
  pages={877--901},
  year={2000},
  publisher={Cambridge University Press}
}

@article{einstein1905electrodynamics,
  title={Zur Elektrodynamik bewegter Körper},
  author={Einstein, Albert},
  journal={Annalen der Physik},
  volume={17},
  number={10},
  pages={891--921},
  year={1905}
}

@article{minkowski1908space,
  title={Space and time},
  author={Minkowski, Hermann},
  journal={Physikalische Zeitschrift},
  volume={10},
  pages={75--88},
  year={1908}
}

@book{bandura1977social,
  title={Social learning theory},
  author={Bandura, Albert},
  year={1977},
  publisher={Prentice Hall}
}

@book{rosenthal1968pygmalion,
  title={Pygmalion in the classroom},
  author={Rosenthal, Robert and Jacobson, Lenore},
  year={1968},
  publisher={Holt, Rinehart \& Winston}
}

@book{rovelli2004quantum,
  title={Quantum gravity},
  author={Rovelli, Carlo},
  year={2004},
  publisher={Cambridge University Press}
}

@book{wheeler1989information,
  title={Information, physics, quantum: The search for links},
  author={Wheeler, John Archibald},
  year={1989},
  publisher={W. H. Freeman}
}

@book{allport1967personal,
  title={The individual and his religion: A psychological interpretation},
  author={Allport, Gordon W},
  year={1967},
  publisher={Macmillan}
}

@book{batson1993religion,
  title={Religion and the individual: A social-psychological perspective},
  author={Batson, C Daniel and Schoenrade, Patricia and Ventis, W Larry},
  year={1993},
  publisher={Oxford University Press}
}

@article{hameroff2014consciousness,
  title={Consciousness in the universe: A review of the 'Orch OR' theory},
  author={Hameroff, Stuart and Penrose, Roger},
  journal={Physics of Life Reviews},
  volume={11},
  number={1},
  pages={39--78},
  year={2014},
  publisher={Elsevier}
}

@book{russell1910principia,
  title={Principia Mathematica},
  author={Russell, Bertrand and Whitehead, Alfred North},
  volume={1},
  year={1910},
  publisher={Cambridge University Press}
}

@article{sachikonye2024temporal,
  title={Temporal-Economic Convergence: Unifying Network Coordination and Monetary Systems Through Precision-by-Difference Value Representation},
  author={Sachikonye, Kundai Farai},
  journal={Independent Research},
  year={2024}
}

@article{sachikonye2024network,
  title={Spatio-Temporal Autonomous Navigation Through Precision-by-Difference: Transcending the Information Completeness Problem},
  author={Sachikonye, Kundai Farai},
  journal={Independent Research},
  year={2024}
}

@article{sachikonye2024bmd,
  title={Biological Maxwell Demon State Transmission: A Revolutionary Framework for Message-Free Instant Communication via Thematic Cognitive Injection},
  author={Sachikonye, Kundai Farai},
  journal={Independent Research},
  year={2024}
}

@article{sachikonye2024consciousness,
  title={On the Entropic Progression of Visual Information Flux in Biological Systems: Toward a Precise Thermodynamic Pixel Processing Definition of a Discretized and Semantically Coherent Visual Representational Space},
  author={Sachikonye, Kundai Farai},
  journal={Independent Research},
  year={2024}
}

@article{sachikonye2024ftl,
  title={Revolutionary Framework for Faster-Than-Light Travel Through Reference Frame Propagation},
  author={Sachikonye, Kundai Farai},
  journal={Independent Research},
  year={2024}
}

@article{sachikonye2024sentropy,
  title={S-Entropy Framework for Systems Navigation and Divine Intervention},
  author={Sachikonye, Kundai Farai},
  journal={Independent Research},
  year={2024}
}

@article{sachikonye2024individual,
  title={Individual Spatio-Temporal Optimization Through Precision-by-Difference: The Ultimate Heaven on Earth System},
  author={Sachikonye, Kundai Farai},
  journal={Independent Research},
  year={2024}
}

@article{sachikonye2024observer,
  title={The Observer Divine Necessity Theorem: Universal Divine Intervention Through Impossible Event Witnessing},
  author={Sachikonye, Kundai Farai},
  journal={Independent Research},
  year={2024}
}

@article{sachikonye2024empirical,
  title={Empirical Divine Intervention Protocol: Demonstrating Divine Necessity Through FTL Travel},
  author={Sachikonye, Kundai Farai},
  journal={Independent Research},
  year={2024}
}

@article{sachikonye2024universal,
  title={Universal Divine Intervention Accessibility: Beyond Belief-Dependent Systems},
  author={Sachikonye, Kundai Farai},
  journal={Independent Research},
  year={2024}
}

@article{sachikonye2024probability,
  title={The Probability Paradox Resolution: Divine Intervention as Mathematical Necessity},
  author={Sachikonye, Kundai Farai},
  journal={Independent Research},
  year={2024}
}

@article{sachikonye2024closed,
  title={Closed-Loop Divine Necessity Systems: Universal Coverage Through Role Reversal},
  author={Sachikonye, Kundai Farai},
  journal={Independent Research},
  year={2024}
}

@article{sachikonye2024meta,
  title={Meta-Divine Intervention: The Self-Proving Discovery Framework},
  author={Sachikonye, Kundai Farai},
  journal={Independent Research},
  year={2024}
}

@article{sachikonye2024belief,
  title={The Belief Necessity Theorem: Foundation of Intelligent Existence},
  author={Sachikonye, Kundai Farai},
  journal={Independent Research},
  year={2024}
}

@article{sachikonye2024evil,
  title={The Resolution of Evil: Divine Intervention and Categorical Necessity},
  author={Sachikonye, Kundai Farai},
  journal={Independent Research},
  year={2024}
}

@article{sachikonye2024madness,
  title={The Madness-Determinism Proof: Logical Impossibility of Free Will and Divine Intervention Coherence},
  author={Sachikonye, Kundai Farai},
  journal={Independent Research},
  year={2024}
}