@article{godel1931formally,
  title={Über formal unentscheidbare Sätze der Principia Mathematica und verwandter Systeme},
  author={Gödel, Kurt},
  journal={Monatshefte für Mathematik},
  volume={38},
  pages={173--198},
  year={1931},
  publisher={Springer}
}

@book{hofstadter1979godel,
  title={Gödel, Escher, Bach: An eternal golden braid},
  author={Hofstadter, Douglas R},
  year={1979},
  publisher={Basic Books}
}

@book{chalmers1996conscious,
  title={The conscious mind},
  author={Chalmers, David J},
  year={1996},
  publisher={Oxford University Press}
}

@book{dennett1991consciousness,
  title={Consciousness explained},
  author={Dennett, Daniel C},
  year={1991},
  publisher={Little, Brown and Company}
}

@book{hobson2002dreaming,
  title={Dreaming: An introduction to the science of sleep},
  author={Hobson, J Allan},
  year={2002},
  publisher={Oxford University Press}
}

@article{revonsuo2000reinterpretation,
  title={The reinterpretation of dreams: An evolutionary hypothesis of the function of dreaming},
  author={Revonsuo, Antti},
  journal={Behavioral and Brain Sciences},
  volume={23},
  number={6},
  pages={877--901},
  year={2000},
  publisher={Cambridge University Press}
}

@article{einstein1905electrodynamics,
  title={Zur Elektrodynamik bewegter Körper},
  author={Einstein, Albert},
  journal={Annalen der Physik},
  volume={17},
  number={10},
  pages={891--921},
  year={1905}
}

@book{penrose1994shadows,
  title={Shadows of the mind},
  author={Penrose, Roger},
  year={1994},
  publisher={Oxford University Press}
}

@book{bandura1977social,
  title={Social learning theory},
  author={Bandura, Albert},
  year={1977},
  publisher={Prentice Hall}
}

@book{rosenthal1968pygmalion,
  title={Pygmalion in the classroom},
  author={Rosenthal, Robert and Jacobson, Lenore},
  year={1968},
  publisher={Holt, Rinehart \& Winston}
}

@book{allport1967personal,
  title={The individual and his religion: A psychological interpretation},
  author={Allport, Gordon W},
  year={1967},
  publisher={Macmillan}
}

@book{batson1993religion,
  title={Religion and the individual: A social-psychological perspective},
  author={Batson, C Daniel and Schoenrade, Patricia and Ventis, W Larry},
  year={1993},
  publisher={Oxford University Press}
}

@book{russell1910principia,
  title={Principia Mathematica},
  author={Russell, Bertrand and Whitehead, Alfred North},
  volume={1},
  year={1910},
  publisher={Cambridge University Press}
}

@article{sachikonye2024divine,
  title={On the Mathematical Necessity of Divine Intervention in Conscious Systems: A Unified Framework for Consciousness Fabrication, Reference Frame Synchronization, and Belief-Reality Convergence},
  author={Sachikonye, Kundai Farai},
  journal={Independent Research},
  year={2024}
}

@article{sachikonye2024temporal,
  title={Temporal-Economic Convergence: Unifying Network Coordination and Monetary Systems Through Precision-by-Difference Value Representation},
  author={Sachikonye, Kundai Farai},
  journal={Independent Research},
  year={2024}
}

@article{sachikonye2024ftl,
  title={Revolutionary Framework for Faster-Than-Light Travel Through Reference Frame Propagation},
  author={Sachikonye, Kundai Farai},
  journal={Independent Research},
  year={2024}
}

@article{sachikonye2024sentropy,
  title={S-Entropy Framework for Systems Navigation and Divine Intervention},
  author={Sachikonye, Kundai Farai},
  journal={Independent Research},
  year={2024}
}

@article{sachikonye2024individual,
  title={Individual Spatio-Temporal Optimization Through Precision-by-Difference: The Ultimate Heaven on Earth System},
  author={Sachikonye, Kundai Farai},
  journal={Independent Research},
  year={2024}
}